
@book{Quionero,
	author = {Quionero-Candela, Joaquin and Sugiyama, Masashi and Schwaighofer, Anton and Lawrence, Neil D.},
	title = {Dataset Shift in Machine Learning},
	year = {2009},
	isbn = {0262170051, 9780262170055},
	publisher = {The MIT Press},
} 
@Inbook{Barua2011,
author="Barua, Sukarna
and Islam, Md. Monirul
and Murase, Kazuyuki",
editor="Lu, Bao-Liang
and Zhang, Liqing
and Kwok, James",
title="A Novel Synthetic Minority Oversampling Technique for Imbalanced Data Set Learning",
bookTitle="Neural Information Processing: 18th International Conference, ICONIP 2011, Shanghai, China, November 13-17, 2011, Proceedings, Part II",
year="2011",
publisher="Springer Berlin Heidelberg",
address="Berlin, Heidelberg",
pages="735--744",
isbn="978-3-642-24958-7",
doi="10.1007/978-3-642-24958-7_85",
url="http://dx.doi.org/10.1007/978-3-642-24958-7_85"
}

@inproceedings{he2008adasyn,
  title={ADASYN: Adaptive synthetic sampling approach for imbalanced learning},
  author={He, Haibo and Bai, Yang and Garcia, Edwardo A and Li, Shutao},
  booktitle={Neural Networks, 2008. IJCNN 2008.(IEEE World Congress on Computational Intelligence). IEEE International Joint Conference on},
  pages={1322--1328},
  year={2008},
  organization={IEEE}
}
@article{Laskov2010,
author="Laskov, Pavel
and Lippmann, Richard",
title="Machine learning in adversarial environments",
journal="Machine Learning",
year="2010",
volume="81",
number="2",
pages="115--119",
issn="1573-0565",
doi="10.1007/s10994-010-5207-6",
url="http://dx.doi.org/10.1007/s10994-010-5207-6",
}

@inproceedings{lowd2005,
 author = {Lowd, Daniel and Meek, Christopher},
 title = {Adversarial Learning},
 booktitle = {Proceedings of the Eleventh ACM SIGKDD International Conference on Knowledge Discovery in Data Mining},
 series = {KDD '05},
 year = {2005},
 isbn = {1-59593-135-X},
 location = {Chicago, Illinois, USA},
 pages = {641--647},
 numpages = {7},
 url = {http://doi.acm.org/10.1145/1081870.1081950},
 doi = {10.1145/1081870.1081950},
 acmid = {1081950},
 publisher = {ACM},
 address = {New York, NY, USA},
 keywords = {adversarial classification, linear classifiers, spam}
} 
@article{lawrence1997face,
  title={Face recognition: A convolutional neural-network approach},
  author={Lawrence, Steve and Giles, C Lee and Tsoi, Ah Chung and Back, Andrew D},
  journal={IEEE transactions on neural networks},
  volume={8},
  number={1},
  pages={98--113},
  year={1997},
  publisher={IEEE}
}
@article{krawczyk2016learning,
	title={Learning from imbalanced data: open challenges and future directions},
	author={Krawczyk, Bartosz},
	journal={Progress in Artificial Intelligence},
	volume={5},
	number={4},
	pages={221--232},
	year={2016},
	publisher={Springer}
}
@article{japkowicz2002class,
	title={The class imbalance problem: A systematic study},
	author={Japkowicz, Nathalie and Stephen, Shaju},
	journal={Intelligent data analysis},
	volume={6},
	number={5},
	pages={429--449},
	year={2002},
	publisher={IOS Press}
}

@inproceedings{bengiormsprop,
	title={Equilibrated adaptive learning rates for non-convex optimization},
	author={Dauphin, Yann and de Vries, Harm and Bengio, Yoshua},
	booktitle={Advances in Neural Information Processing Systems},
	pages={1504--1512},
	year={2015}
}
@article{canziani2016analysis,
	title={An Analysis of Deep Neural Network Models for Practical Applications},
	author={Canziani, Alfredo and Paszke, Adam and Culurciello, Eugenio},
	journal={arXiv preprint arXiv:1605.07678},
	year={2016}
}

@article{murphey2004,
	title={Neural Learning from Unbalanced Data},
	author={Murphey, YI L, Guo Hong},
	year={2004}
}

@inproceedings{yosinski2014transferable,
	title={How transferable are features in deep neural networks?},
	author={Yosinski, Jason and Clune, Jeff and Bengio, Yoshua and Lipson, Hod},
	booktitle={Advances in neural information processing systems},
	pages={3320--3328},
	year={2014}
}
@inproceedings{zeiler2014visualizing,
	title={Visualizing and understanding convolutional networks},
	author={Zeiler, Matthew D and Fergus, Rob},
	booktitle={European conference on computer vision},
	pages={818--833},
	year={2014},
	organization={Springer}
}
@inproceedings{goodfellow2014generative,
  title={Generative adversarial nets},
  author={Goodfellow, Ian and Pouget-Abadie, Jean and Mirza, Mehdi and Xu, Bing and Warde-Farley, David and Ozair, Sherjil and Courville, Aaron and Bengio, Yoshua},
  booktitle={Advances in neural information processing systems},
  pages={2672--2680},
  year={2014}
}
@article{matsugu2003subject,
  title={Subject independent facial expression recognition with robust face detection using a convolutional neural network},
  author={Matsugu, Masakazu and Mori, Katsuhiko and Mitari, Yusuke and Kaneda, Yuji},
  journal={Neural Networks},
  volume={16},
  number={5},
  pages={555--559},
  year={2003},
  publisher={Elsevier}
}
@inproceedings{goller1996learning,
  title={Learning task-dependent distributed representations by backpropagation through structure},
  author={Goller, Christoph and Kuchler, Andreas},
  booktitle={Neural Networks, 1996., IEEE International Conference on},
  volume={1},
  pages={347--352},
  year={1996},
  organization={IEEE}
}
% Encoding: UTF-8
@article{hornik1989multilayer,
  title={Multilayer feedforward networks are universal approximators},
  author={Hornik, Kurt and Stinchcombe, Maxwell and White, Halbert},
  journal={Neural networks},
  volume={2},
  number={5},
  pages={359--366},
  year={1989},
  publisher={Elsevier}
}
@article{lecunn89,
title = "Backpropagation applied to handwritten zip code recognition",
author = "Yann Lecun and B. Boser and Denker, {J. S.} and D. Henderson and Howard, {R. E.} and W. Hubbard and L.D. Jackel",
year = "1989",
volume = "1",
pages = "541--551",
journal = "Neural computation",
issn = "0899-7667",
number = "4",
}
@book{bishop1995neural,
  title={Neural networks for pattern recognition},
  author={Bishop, Christopher M},
  year={1995},
  publisher={Oxford university press}
}
@Article{goodfellow2014,
  author  = {Goodfellow, Ian J and Shlens, Jonathon and Szegedy, Christian},
  title   = {Explaining and harnessing adversarial examples},
  journal = {arXiv preprint arXiv:1412.6572},
  year    = {2014},
}
@techreport{goodfellow2016,
  title = {Adversarial examples in the physical world},
  author  = {Alexey Kurakin and Ian Goodfellow and Samy Bengio},
  year  = 2016,
  URL = {http://arxiv.org/abs/1607.02533},
  institution = {arXiv}
}

@article{billovits,
  title={Hitting Depth: Investigating Robustness to Adversarial Examples in Deep Convolutional Neural Networks},
  author={Billovits, Chris and Eric, Mihail and Agarwala, Nipun},
  year = {2016}
}
@inproceedings{papernot_2017,
  title={Machine Learning in Adversarial Settings},
  author={Papernot, Nicolas},
  year={2017}
}
@inproceedings{nguyen2015,
  title={Deep neural networks are easily fooled: High confidence predictions for unrecognizable images},
  author={Nguyen, Anh and Yosinski, Jason and Clune, Jeff},
  booktitle={2015 IEEE Conference on Computer Vision and Pattern Recognition (CVPR)},
  pages={427--436},
  year={2015},
  organization={IEEE}
}
@thesis{papernot_thesis_2016,
  title={On the Integrity of Deep Learning Systems in Adversarial Settings},
  author={Papernot, Nicolas},
  year={2016}
}
@article{papernot2016,
  title={Practical Black-Box Attacks against Deep Learning Systems using Adversarial Examples},
  author={Papernot, Nicolas and McDaniel, Patrick and Goodfellow, Ian and Jha, Somesh and Berkay Celik, Z and Swami, Ananthram},
  journal={arXiv preprint arXiv:1602.02697},
  year={2016}
}
@article{gu2014,
  title={Towards deep neural network architectures robust to adversarial examples},
  author={Gu, Shixiang and Rigazio, Luca},
  journal={arXiv preprint arXiv:1412.5068},
  year={2014}
}
@article{papernot2016transf,
  title={Transferability in Machine Learning: from Phenomena to Black-Box Attacks using Adversarial Samples},
  author={Papernot, Nicolas and McDaniel, Patrick and Goodfellow, Ian},
  journal={arXiv preprint arXiv:1605.07277},
  year={2016}
}
@inproceedings{biggio2013,
  title={Evasion attacks against machine learning at test time},
  author={Biggio, Battista and Corona, Igino and Maiorca, Davide and Nelson, Blaine and {\v{S}}rndi{\'c}, Nedim and Laskov, Pavel and Giacinto, Giorgio and Roli, Fabio},
  booktitle={Joint European Conference on Machine Learning and Knowledge Discovery in Databases},
  pages={387--402},
  year={2013},
  organization={Springer}
}
@inproceedings{krizhevsky2012,
  title={Imagenet classification with deep convolutional neural networks},
  author={Krizhevsky, Alex and Sutskever, Ilya and Hinton, Geoffrey E},
  booktitle={Advances in neural information processing systems},
  pages={1097--1105},
  year={2012}
}
@article{szegedy2013,
  title={Intriguing properties of neural networks},
  author={Szegedy, Christian and Zaremba, Wojciech and Sutskever, Ilya and Bruna, Joan and Erhan, Dumitru and Goodfellow, Ian and Fergus, Rob},
  journal={arXiv preprint arXiv:1312.6199},
  year={2013}
}
@inproceedings{dalvi2004,
  title={Adversarial classification},
  author={Dalvi, Nilesh and Domingos, Pedro and Sanghai, Sumit and Verma, Deepak and others},
  booktitle={Proceedings of the tenth ACM SIGKDD international conference on Knowledge discovery and data mining},
  pages={99--108},
  year={2004},
  organization={ACM}
}
@inproceedings{lowd2005,
  title={Adversarial learning},
  author={Lowd, Daniel and Meek, Christopher},
  booktitle={Proceedings of the eleventh ACM SIGKDD international conference on Knowledge discovery in data mining},
  pages={641--647},
  year={2005},
  organization={ACM}
}
@Unpublished{stanford2016,
  author = {Andrej Karpathy},
  title  = {Convolutional Neural Networks for Visual Recognition},
  year   = {2016},
  url    = {https://cs231n.github.io/},
}
@Unpublished{nielsen2016,
  author = {Michael Nielsen},
  title  = {Neural Networks and Deep Learning},
  year   = {2016},
  url    = {http://www.neuralnetworksanddeeplearning.com},
}

@book{goodfellow2016_book,
  author = {Ian Goodfellow Yoshua Bengio and Aaron Courville},
  title  = {Deep Learning},
  publisher   = {MIT Press},
  year   = {2016},
  url    = {http://www.deeplearningbook.org},
}
@Unpublished{lazebnik_2017,
	author = {Lazebnik, Svetlana},
	title  = {Cutting Edge Trends in Deep Learning and Recognition},
	year   = {2017},
	url    = {http://slazebni.cs.illinois.edu/spring17/},
}
@Unpublished{krizhevsky_2009,
	author = {Krizhevsky, Alex},
	title  = {CIFAR-10 and CIFAR-100 Datasets},
	year   = {2009},
	url    = {https://www.cs.toronto.edu/~kriz/cifar.html},
}
@misc{lecun1998mnist,
  title={The MNIST database of handwritten digits},
  author={LeCun, Yann and Cortes, Corinna},
  year={1998}
}
@article{lecun1998gradient,
  title={Gradient-based learning applied to document recognition},
  author={LeCun, Yann and Bottou, L{\'e}on and Bengio, Yoshua and Haffner, Patrick},
  journal={Proceedings of the IEEE},
  volume={86},
  number={11},
  pages={2278--2324},
  year={1998},
  publisher={IEEE}
}
@inproceedings{jia2014caffe,
  title={Caffe: Convolutional architecture for fast feature embedding},
  author={Jia, Yangqing and Shelhamer, Evan and Donahue, Jeff and Karayev, Sergey and Long, Jonathan and Girshick, Ross and Guadarrama, Sergio and Darrell, Trevor},
  booktitle={Proceedings of the 22nd ACM international conference on Multimedia},
  pages={675--678},
  year={2014},
  organization={ACM}
}
@book{floreano2008bio,
  title={Bio-inspired artificial intelligence: theories, methods, and technologies},
  author={Floreano, Dario and Mattiussi, Claudio},
  year={2008},
  publisher={MIT press}
}
@inproceedings{deng2009imagenet,
  title={Imagenet: A large-scale hierarchical image database},
  author={Deng, Jia and Dong, Wei and Socher, Richard and Li, Li-Jia and Li, Kai and Fei-Fei, Li},
  booktitle={Computer Vision and Pattern Recognition, 2009. CVPR 2009. IEEE Conference on},
  pages={248--255},
  year={2009},
  organization={IEEE}
}
@article{simonyan2014very,
  title={Very deep convolutional networks for large-scale image recognition},
  author={Simonyan, Karen and Zisserman, Andrew},
  journal={arXiv preprint arXiv:1409.1556},
  year={2014}
}
@article{stanley2007compositional,
  title={Compositional pattern producing networks: A novel abstraction of development},
  author={Stanley, Kenneth O},
  journal={Genetic programming and evolvable machines},
  volume={8},
  number={2},
  pages={131--162},
  year={2007},
  publisher={Springer}
}
@inproceedings{zeiler2014visualizing,
  title={Visualizing and understanding convolutional networks},
  author={Zeiler, Matthew D and Fergus, Rob},
  booktitle={European Conference on Computer Vision},
  pages={818--833},
  year={2014},
  organization={Springer}
}
@article{hinton2012improving,
  title={Improving neural networks by preventing co-adaptation of feature detectors},
  author={Hinton, Geoffrey E and Srivastava, Nitish and Krizhevsky, Alex and Sutskever, Ilya and Salakhutdinov, Ruslan R},
  journal={arXiv preprint arXiv:1207.0580},
  year={2012}
}
@article{yosinski2015understanding,
  title={Understanding neural networks through deep visualization},
  author={Yosinski, Jason and Clune, Jeff and Nguyen, Anh and Fuchs, Thomas and Lipson, Hod},
  journal={arXiv preprint arXiv:1506.06579},
  year={2015}
}
@inproceedings{szegedy2015going,
  title={Going deeper with convolutions},
  author={Szegedy, Christian and Liu, Wei and Jia, Yangqing and Sermanet, Pierre and Reed, Scott and Anguelov, Dragomir and Erhan, Dumitru and Vanhoucke, Vincent and Rabinovich, Andrew},
  booktitle={Proceedings of the IEEE Conference on Computer Vision and Pattern Recognition},
  pages={1--9},
  year={2015}
}
@Comment{jabref-meta: databaseType:bibtex;}
