% Encoding: UTF-8

@Article{goodfellow2014,
  author  = {Goodfellow, Ian J and Shlens, Jonathon and Szegedy, Christian},
  title   = {Explaining and harnessing adversarial examples},
  journal = {arXiv preprint arXiv:1412.6572},
  year    = {2014},
}
@techreport{goodfellow2016,
  title = {Adversarial examples in the physical world},
  author  = {Alexey Kurakin and Ian Goodfellow and Samy Bengio},
  year  = 2016,
  URL = {http://arxiv.org/abs/1607.02533},
  institution = {arXiv}
}

@article{billovits,
  title={Hitting Depth: Investigating Robustness to Adversarial Examples in Deep Convolutional Neural Networks},
  author={Billovits, Chris and Eric, Mihail and Agarwala, Nipun}
}
@inproceedings{nguyen2015,
  title={Deep neural networks are easily fooled: High confidence predictions for unrecognizable images},
  author={Nguyen, Anh and Yosinski, Jason and Clune, Jeff},
  booktitle={2015 IEEE Conference on Computer Vision and Pattern Recognition (CVPR)},
  pages={427--436},
  year={2015},
  organization={IEEE}
}
@article{papernot2016,
  title={Practical Black-Box Attacks against Deep Learning Systems using Adversarial Examples},
  author={Papernot, Nicolas and McDaniel, Patrick and Goodfellow, Ian and Jha, Somesh and Berkay Celik, Z and Swami, Ananthram},
  journal={arXiv preprint arXiv:1602.02697},
  year={2016}
}
@article{gu2014,
  title={Towards deep neural network architectures robust to adversarial examples},
  author={Gu, Shixiang and Rigazio, Luca},
  journal={arXiv preprint arXiv:1412.5068},
  year={2014}
}
@article{papernot2016transf,
  title={Transferability in Machine Learning: from Phenomena to Black-Box Attacks using Adversarial Samples},
  author={Papernot, Nicolas and McDaniel, Patrick and Goodfellow, Ian},
  journal={arXiv preprint arXiv:1605.07277},
  year={2016}
}
@inproceedings{biggio2013,
  title={Evasion attacks against machine learning at test time},
  author={Biggio, Battista and Corona, Igino and Maiorca, Davide and Nelson, Blaine and {\v{S}}rndi{\'c}, Nedim and Laskov, Pavel and Giacinto, Giorgio and Roli, Fabio},
  booktitle={Joint European Conference on Machine Learning and Knowledge Discovery in Databases},
  pages={387--402},
  year={2013},
  organization={Springer}
}
@inproceedings{krizhevsky2012,
  title={Imagenet classification with deep convolutional neural networks},
  author={Krizhevsky, Alex and Sutskever, Ilya and Hinton, Geoffrey E},
  booktitle={Advances in neural information processing systems},
  pages={1097--1105},
  year={2012}
}
@article{szegedy2013,
  title={Intriguing properties of neural networks},
  author={Szegedy, Christian and Zaremba, Wojciech and Sutskever, Ilya and Bruna, Joan and Erhan, Dumitru and Goodfellow, Ian and Fergus, Rob},
  journal={arXiv preprint arXiv:1312.6199},
  year={2013}
}
@inproceedings{dalvi2004,
  title={Adversarial classification},
  author={Dalvi, Nilesh and Domingos, Pedro and Sanghai, Sumit and Verma, Deepak and others},
  booktitle={Proceedings of the tenth ACM SIGKDD international conference on Knowledge discovery and data mining},
  pages={99--108},
  year={2004},
  organization={ACM}
}
@inproceedings{lowd2005,
  title={Adversarial learning},
  author={Lowd, Daniel and Meek, Christopher},
  booktitle={Proceedings of the eleventh ACM SIGKDD international conference on Knowledge discovery in data mining},
  pages={641--647},
  year={2005},
  organization={ACM}
}
@Unpublished{nielsen2016,
  author = {Michael Nielsen},
  title  = {Neural Networks and Deep Learning},
  year   = {2016},
  url    = {http://www.neuralnetworksanddeeplearning.com},
}

@Unpublished{goodfellow2016_book,
  author = {Ian Goodfellow Yoshua Bengio and Aaron Courville},
  title  = {Deep Learning},
  note   = {Book in preparation for MIT Press},
  year   = {2016},
  url    = {http://www.deeplearningbook.org},
}
@misc{lecun1998mnist,
  title={The MNIST database of handwritten digits},
  author={LeCun, Yann and Cortes, Corinna},
  year={1998}
}
@article{lecun1998gradient,
  title={Gradient-based learning applied to document recognition},
  author={LeCun, Yann and Bottou, L{\'e}on and Bengio, Yoshua and Haffner, Patrick},
  journal={Proceedings of the IEEE},
  volume={86},
  number={11},
  pages={2278--2324},
  year={1998},
  publisher={IEEE}
}
@inproceedings{jia2014caffe,
  title={Caffe: Convolutional architecture for fast feature embedding},
  author={Jia, Yangqing and Shelhamer, Evan and Donahue, Jeff and Karayev, Sergey and Long, Jonathan and Girshick, Ross and Guadarrama, Sergio and Darrell, Trevor},
  booktitle={Proceedings of the 22nd ACM international conference on Multimedia},
  pages={675--678},
  year={2014},
  organization={ACM}
}
@book{floreano2008bio,
  title={Bio-inspired artificial intelligence: theories, methods, and technologies},
  author={Floreano, Dario and Mattiussi, Claudio},
  year={2008},
  publisher={MIT press}
}
@inproceedings{deng2009imagenet,
  title={Imagenet: A large-scale hierarchical image database},
  author={Deng, Jia and Dong, Wei and Socher, Richard and Li, Li-Jia and Li, Kai and Fei-Fei, Li},
  booktitle={Computer Vision and Pattern Recognition, 2009. CVPR 2009. IEEE Conference on},
  pages={248--255},
  year={2009},
  organization={IEEE}
}
@article{simonyan2014very,
  title={Very deep convolutional networks for large-scale image recognition},
  author={Simonyan, Karen and Zisserman, Andrew},
  journal={arXiv preprint arXiv:1409.1556},
  year={2014}
}
@article{stanley2007compositional,
  title={Compositional pattern producing networks: A novel abstraction of development},
  author={Stanley, Kenneth O},
  journal={Genetic programming and evolvable machines},
  volume={8},
  number={2},
  pages={131--162},
  year={2007},
  publisher={Springer}
}
@inproceedings{zeiler2014visualizing,
  title={Visualizing and understanding convolutional networks},
  author={Zeiler, Matthew D and Fergus, Rob},
  booktitle={European Conference on Computer Vision},
  pages={818--833},
  year={2014},
  organization={Springer}
}
@article{hinton2012improving,
  title={Improving neural networks by preventing co-adaptation of feature detectors},
  author={Hinton, Geoffrey E and Srivastava, Nitish and Krizhevsky, Alex and Sutskever, Ilya and Salakhutdinov, Ruslan R},
  journal={arXiv preprint arXiv:1207.0580},
  year={2012}
}
@article{yosinski2015understanding,
  title={Understanding neural networks through deep visualization},
  author={Yosinski, Jason and Clune, Jeff and Nguyen, Anh and Fuchs, Thomas and Lipson, Hod},
  journal={arXiv preprint arXiv:1506.06579},
  year={2015}
}
@inproceedings{szegedy2015going,
  title={Going deeper with convolutions},
  author={Szegedy, Christian and Liu, Wei and Jia, Yangqing and Sermanet, Pierre and Reed, Scott and Anguelov, Dragomir and Erhan, Dumitru and Vanhoucke, Vincent and Rabinovich, Andrew},
  booktitle={Proceedings of the IEEE Conference on Computer Vision and Pattern Recognition},
  pages={1--9},
  year={2015}
}
@Comment{jabref-meta: databaseType:bibtex;}
